<?xml version="1.0" encoding="UTF-8"?><collection xmlns="http://www.loc.gov/MARC21/slim"><record><leader>00382nam--2200109-i-4500</leader><controlfield tag="001">000039003</controlfield><controlfield tag="002">20161230</controlfield><controlfield tag="005">20161230201042</controlfield><controlfield tag="008">060222s1000------------r-----000-0-eng-d</controlfield><datafield ind1=" " ind2=" " tag="245"><subfield code="a">Review series. developments in the peaceful applications of nuclear energy: no.20: welding problems in nuclear construction. e.b.lavelle and f.w.davis</subfield></datafield><datafield ind1=" " ind2=" " tag="260"><subfield code="a">Vienna, I.A.E.A., 1961-1962</subfield></datafield><datafield ind1=" " ind2=" " tag="852"><subfield code="a">14678</subfield></datafield></record></collection>